@misc{ashkinaze2025pluralsguidingllmssimulated,
  title         = {Plurals: A System for Guiding LLMs Via Simulated Social Ensembles},
  author        = {Joshua Ashkinaze and Emily Fry and Narendra Edara and Eric Gilbert and Ceren Budak},
  year          = {2025},
  eprint        = {2409.17213},
  archiveprefix = {arXiv},
  primaryclass  = {cs.CL},
  doi           = {https://doi.org/10.1145/3706598.3713675},
  url           = {https://arxiv.org/abs/2409.17213}
}

@misc{constantinides2024raiguidelinesmethodgenerating,
  title         = {RAI Guidelines: Method for Generating Responsible AI Guidelines Grounded in Regulations and Usable by (Non-)Technical Roles},
  author        = {Marios Constantinides and Edyta Bogucka and Daniele Quercia and Susanna Kallio and Mohammad Tahaei},
  year          = {2024},
  eprint        = {2307.15158},
  archiveprefix = {arXiv},
  primaryclass  = {cs.HC},
  url           = {https://arxiv.org/abs/2307.15158}
}